@article{degner2009eight,
  title={Eight novel tetranucleotide and five cross-species dinucleotide microsatellite loci for the ornate chorus frog (Pseudacris ornata)},
  author={Degner, Jacob and Hether, Tyler and Hoffman, Eric},
  journal={Molecular Ecology Resources},
  volume={9},
  number={2},
  pages={622--624},
  year={2009},
  publisher={Wiley Online Library}
}

@article{degner2010fat,
  title={Fat frogs, mobile genes: unexpected phylogeographic patterns for the ornate chorus frog (Pseudacris ornata)},
  author={Degner, Jacob and Silva, Diana and Hether, Tyler and Daza, Juan and Hoffman, Eric},
  journal={Molecular Ecology},
  volume={19},
  number={12},
  pages={2501--2515},
  year={2010},
  publisher={Wiley Online Library}
}

@article{jenkins2010meta,
  title={A meta-analysis of isolation by distance: relic or reference standard for landscape genetics?},
  author={Jenkins, David and Carey, Michael and Czerniewska, Justyna and Fletcher, Jennifer and Hether, Tyler and Jones, Amanda and Knight, Stacy and Knox, Joseph and Long, Tonya and Mannino, Mary and others},
  journal={Ecography},
  volume={33},
  number={2},
  pages={315--320},
  year={2010},
  publisher={Wiley Online Library}
}

@article{abdoullaye2010permanent,
  title={Permanent genetic resources added to molecular ecology resources database 1 August 2009--30 September 2009},
  author={Abdoullaye, Doukary and Acevedo, Iv{\'a}n and Adebayo, Abisola A and CAO, ..., Ling-Zhen and Hether, Tyler and others},
  journal={Molecular Ecology Resources},
  volume={10},
  number={1},
  pages={232--236},
  year={2010},
  publisher={Blackwell Publishing Ltd}
}

@article{hether2012machine,
  title={Machine learning identifies specific habitats associated with genetic connectivity in Hyla squirella},
  author={Hether, T and Hoffman, E},
  journal={Journal of evolutionary biology},
  volume={25},
  number={6},
  pages={1039--1052},
  year={2012},
  publisher={Blackwell Publishing Ltd}
}

@article{rosenblum2012goldilocks,
  title={Goldilocks meets Santa Rosalia: an ephemeral speciation model explains patterns of diversification across time scales},
  author={Rosenblum, Erica Bree and Sarver, Brice A and Brown, Joseph and Des Roches, Simone and Hardwick, Kayla and Hether, Tyler and Eastman, Jonathan and Pennell, Matthew and Harmon, Luke},
  journal={Evolutionary biology},
  pages={1--7},
  year={2012},
  publisher={Springer}
}

@article{hether2014genetic,
  title={Genetic regulatory network motifs constrain adaptation through curvature in the landscape of mutational (co) variance},
  author={Hether, Tyler and Hohenlohe, Paul},
  journal={Evolution},
  volume={68},
  number={4},
  pages={950--964},
  year={2014}
}

@article{hand2015genomics,
  title={Genomics and introgression: Discovery and mapping of thousands of species-diagnostic SNPs using RAD sequencing},
  author={Hand, Brian and Hether, Tyler and Kovach, Ryan and Muhlfeld, Clint and Amish, Stephen and Boyer, Matthew and Oâ€™rourke, Sean and Miller, Michael and Lowe, Winsor and Hohenlohe, Paul and others},
  journal={Current Zoology},
  volume={61},
  number={1},
  pages={146--154},
  year={2015},
  publisher={The Oxford University Press}
}
